@article{Boka,
author = {Bokanowski O., Debrabant K.},
title = {High order finite difference schemes for some obstacle problems},
year = {2016},
}
@article {Oosterlee,
    AUTHOR = {Oosterlee, C. W.},
     TITLE = {On multigrid for linear complementarity problems with
              application to {A}merican-style options},
      NOTE = {Tenth Copper Mountain Conference on Multigrid Methods (Copper
              Mountain, CO, 2001)},
   JOURNAL = {Electron. Trans. Numer. Anal.},
  FJOURNAL = {Electronic Transactions on Numerical Analysis},
    VOLUME = {15},
      YEAR = {2003},
     PAGES = {165--185 (electronic)},
      ISSN = {1068-9613},
   MRCLASS = {65M55 (91B28)},
  MRNUMBER = {1991272},
}

@article {MR2551155,
    AUTHOR = {Bokanowski, Olivier and Maroso, Stefania and Zidani, Hasnaa},
     TITLE = {Some convergence results for {H}oward's algorithm},
   JOURNAL = {SIAM J. Numer. Anal.},
  FJOURNAL = {SIAM Journal on Numerical Analysis},
    VOLUME = {47},
      YEAR = {2009},
    NUMBER = {4},
     PAGES = {3001--3026},
      ISSN = {0036-1429},
     CODEN = {SJNAAM},
   MRCLASS = {90C39 (65K15 91G20)},
  MRNUMBER = {2551155},
       DOI = {10.1137/08073041X},
       URL = {http://dx.doi.org/10.1137/08073041X},
}

@article {MR1628686,
    AUTHOR = {Zvan, R. and Forsyth, P. A. and Vetzal, K. R.},
     TITLE = {Penalty methods for {A}merican options with stochastic
              volatility},
   JOURNAL = {J. Comput. Appl. Math.},
  FJOURNAL = {Journal of Computational and Applied Mathematics},
    VOLUME = {91},
      YEAR = {1998},
    NUMBER = {2},
     PAGES = {199--218},
      ISSN = {0377-0427},
     CODEN = {JCAMDI},
   MRCLASS = {90A09 (65N30)},
  MRNUMBER = {1628686},
       DOI = {10.1016/S0377-0427(98)00037-5},
       URL = {http://dx.doi.org/10.1016/S0377-0427(98)00037-5},
}
